<?xml version="1.0" encoding="UTF-8"?><record xmlns="http://www.loc.gov/MARC21/slim" xmlns:cinclude="http://apache.org/cocoon/include/1.0" xmlns:zs="http://www.loc.gov/zing/srw/">
  <leader>00862cz  a2200145n  4500</leader>
  <controlfield tag="001">n 2004047770</controlfield>
  <controlfield tag="003">DLC</controlfield>
  <controlfield tag="005">20120831074910.0</controlfield>
  <controlfield tag="008">041028n| acannaabn          |n ana      </controlfield>
  <datafield tag="010" ind1=" " ind2=" ">
    <subfield code="a">n 2004047770</subfield>
  </datafield>
  <datafield tag="035" ind1=" " ind2=" ">
    <subfield code="a">(OCoLC)oca06481658</subfield>
  </datafield>
  <datafield tag="040" ind1=" " ind2=" ">
    <subfield code="a">DLC</subfield>
    <subfield code="b">eng</subfield>
    <subfield code="c">DLC</subfield>
    <subfield code="d">DLC</subfield>
    <subfield code="d">IEN</subfield>
  </datafield>
  <datafield tag="111" ind1="2" ind2=" ">
    <subfield code="a">Congreso Internacional "Poesía Lírica y Progreso Tecnológico (1868-1939)"</subfield>
    <subfield code="d">(2002 :</subfield>
    <subfield code="c">Marburg, Germany)</subfield>
  </datafield>
  <datafield tag="667" ind1=" " ind2=" ">
    <subfield code="a">THIS 1XX FIELD CANNOT BE USED UNDER RDA UNTIL THIS RECORD HAS BEEN REVIEWED AND/OR UPDATED</subfield>
  </datafield>
  <datafield tag="670" ind1=" " ind2=" ">
    <subfield code="a">Congreso Internacional "Poesía Lírica y Progreso Tecnológico (1868-1939)" (2002 : Marburg, Germany). Poesía lírica y progreso tecnológico (1868-1939), 2003:</subfield>
    <subfield code="b">p. 9 (Congreso Internacional "Poesía Lírica y Progreso Tecnológico (1868-1939)" held in 2002, organized by the Institut für Romanische Philologie de la Philipps-Universität Marburg)</subfield>
  </datafield>
</record>